<record><leader>00000cas a2200000 i 4500</leader><controlfield tag="001">841312126</controlfield><controlfield tag="008">130430d19241925scuir ne      0    0eng c</controlfield><datafield ind1=" " ind2=" " tag="010"><subfield code="a">  2013228796</subfield></datafield><datafield ind1=" " ind2=" " tag="040"><subfield code="a">SUC</subfield><subfield code="b">eng</subfield><subfield code="e">rda</subfield><subfield code="c">SUC</subfield><subfield code="d">OCLCQ</subfield><subfield code="d">SUC</subfield><subfield code="d">OCLCF</subfield></datafield><datafield ind1=" " ind2=" " tag="042"><subfield code="a">pcc</subfield></datafield><datafield ind1=" " ind2=" " tag="043"><subfield code="a">n-us-sc</subfield></datafield><datafield ind1="0" ind2="4" tag="245"><subfield code="a">The press and banner.</subfield></datafield><datafield ind1=" " ind2="1" tag="264"><subfield code="a">Abbeville, S.C. :</subfield><subfield code="b">The Press and Banner Company</subfield></datafield><datafield ind1=" " ind2=" " tag="300"><subfield code="a">volumes</subfield></datafield><datafield ind1=" " ind2=" " tag="310"><subfield code="a">Three times a week</subfield></datafield><datafield ind1=" " ind2=" " tag="336"><subfield code="a">text</subfield><subfield code="b">txt</subfield><subfield code="2">rdacontent</subfield></datafield><datafield ind1=" " ind2=" " tag="337"><subfield code="a">unmediated</subfield><subfield code="b">n</subfield><subfield code="2">rdamedia</subfield></datafield><datafield ind1=" " ind2=" " tag="338"><subfield code="a">volume</subfield><subfield code="b">nc</subfield><subfield code="2">rdacarrier</subfield></datafield><datafield ind1="1" ind2=" " tag="362"><subfield code="a">Began with February 15, 1924; ceased with January 30, 1925.</subfield></datafield><datafield ind1=" " ind2=" " tag="588"><subfield code="a">Description based on: February 15, 1924; title from masthead.</subfield></datafield><datafield ind1=" " ind2=" " tag="588"><subfield code="a">Latest issue consulted: January 30, 1925.</subfield></datafield><datafield ind1=" " ind2="0" tag="651"><subfield code="a">Abbeville (S.C.)</subfield><subfield code="v">Newspapers.</subfield></datafield><datafield ind1=" " ind2="0" tag="651"><subfield code="a">Abbeville County (S.C.)</subfield><subfield code="v">Newspapers.</subfield></datafield><datafield ind1=" " ind2="7" tag="655"><subfield code="a">Newspapers.</subfield><subfield code="2">fast</subfield><subfield code="0">(OCoLC)fst01423814</subfield></datafield><datafield ind1=" " ind2="7" tag="651"><subfield code="a">South Carolina</subfield><subfield code="z">Abbeville.</subfield><subfield code="2">fast</subfield><subfield code="0">(OCoLC)fst01206845</subfield></datafield><datafield ind1=" " ind2="7" tag="651"><subfield code="a">South Carolina</subfield><subfield code="z">Abbeville County.</subfield><subfield code="2">fast</subfield><subfield code="0">(OCoLC)fst01209948</subfield></datafield><datafield ind1=" " ind2=" " tag="752"><subfield code="a">United States</subfield><subfield code="b">South Carolina</subfield><subfield code="c">Abbeville</subfield><subfield code="d">Abbeville.</subfield></datafield><datafield ind1="0" ind2="0" tag="780"><subfield code="t">Abbeville press and banner</subfield><subfield code="w">(DLC)sn 84026853</subfield><subfield code="w">(OCoLC)10708843</subfield></datafield><datafield ind1="0" ind2="7" tag="785"><subfield code="t">Evening medium</subfield><subfield code="w">(DLC)sn 93067666</subfield><subfield code="w">(OCoLC)27866371</subfield></datafield><datafield ind1="0" ind2="7" tag="785"><subfield code="t">Press and banner and Abbeville medium</subfield><subfield code="w">(DLC)sn 86063799</subfield><subfield code="w">(OCoLC)13608372</subfield></datafield></record>